<?xml version="1.0" encoding="UTF-8"?><collection xmlns="http://www.loc.gov/MARC21/slim"><record><leader>00572nam--2200193-i-4500</leader><controlfield tag="001">000041931</controlfield><controlfield tag="002">20161230</controlfield><controlfield tag="005">20161230201043</controlfield><controlfield tag="008">060222s1000------------r-----000-0-rum-d</controlfield><datafield ind1=" " ind2=" " tag="040"><subfield code="a">IFIN-HH</subfield></datafield><datafield ind1=" " ind2=" " tag="041"><subfield code="a">rum</subfield></datafield><datafield ind1=" " ind2=" " tag="080"><subfield code="a">517(07)</subfield></datafield><datafield ind1="1" ind2=" " tag="100"><subfield code="a">Smirnov,V.I</subfield></datafield><datafield ind1="1" ind2="0" tag="245"><subfield code="a">Curs de matematici superioare. vol. iii. partea i. traducere din limba rusa</subfield><subfield code="c">V.i. smirnov</subfield></datafield><datafield ind1=" " ind2=" " tag="260"><subfield code="a">Bucuresti</subfield><subfield code="b">Editura Tehnica</subfield><subfield code="c">1955</subfield></datafield><datafield ind1=" " ind2=" " tag="300"><subfield code="a">373P</subfield></datafield><datafield ind1=" " ind2=" " tag="500"><subfield code="a">Titlul Original In Limba Rusa: Kurs Vissei Matematiki Tom Iii. Ceasti I</subfield></datafield><datafield ind1=" " ind2=" " tag="852"><subfield code="a">2531</subfield><subfield code="c">51</subfield></datafield><datafield ind1=" " ind2=" " tag="CAT"><subfield code="a">Sys</subfield><subfield code="c">20150728</subfield><subfield code="h">140342</subfield></datafield></record></collection>